%% Created using Papers on Mon, 25 Jul 2011.
%% http://mekentosj.com/papers/

@article{DiMicco:2007ie,
author = {DiMicco, Joan Morris and Hollenbach, Katherine J and Pandolfo, Anna and Bender, Walter},
title = {{The Impact of Increased Awareness While Face-to-Face}},
journal = {Human-Computer Interaction},
year = {2007},
volume = {22},
pages = {47--96}
}

@book{Bergstrom:2009ej,
author = {Bergstrom, Tony and Karahalios, Karrie},
editor = {Hutchison, David and Kanade, Takeo and Kittler, Josef and Kleinberg, Jon M and Mattern, Friedemann and Mitchell, John C and Naor, Moni and Nierstrasz, Oscar and Pandu Rangan, C and Steffen, Bernhard and Sudan, Madhu and Terzopoulos, Demetri and Tygar, Doug and Vardi, Moshe Y and Weikum, Gerhard and Gross, Tom and Gulliksen, Jan and Kotz{\'e}, Paula and Oestreicher, Lars and Palanque, Philippe and Prates, Raquel Oliveira and Winckler, Marco},
title = {{Vote and Be Heard: Adding Back-Channel Signals to Social Mirrors}},
publisher = {INTERACT},
year = {2009},
volume = {5726},
address = {Berlin, Heidelberg}
}

@inproceedings{Greenberg:1994fs,
author = {Greenberg, Saul and Marwood, David},
title = {{Real Time Groupware as a Distributed System: Concurrency Control and its Effect on the Interface}},
booktitle = {Proceedings of CSCW},
year = {1994},
pages = {207--217},
publisher = {ACM Press},
address = {New York, New York, USA}
}

@inproceedings{Rodenstein:2000kz,
author = {Rodenstein, Roy and Donath, Judith S},
title = {{Talking in circles: designing a spatially-grounded audioconferencing environment}},
booktitle = {CHI '00: Proceedings of the SIGCHI conference on Human factors in computing systems},
year = {2000},
publisher = { ACM  Request Permissions},
month = apr
}

@inproceedings{Yardi:2006uk,
author = {Yardi, S},
title = {{The role of the backchannel in collaborative learning environments}},
booktitle = {Proceedings of the 7th international conference on {\ldots}},
year = {2006}
}

@inproceedings{Hindus:1996cn,
author = {Hindus, Debby and Ackerman, Mark S and Mainwaring, Scott and Starr, Brian},
title = {{Thunderwire: a field study of an audio-only media space}},
booktitle = {Proceedings of CSCW},
year = {1996},
publisher = { ACM  Request Permissions},
month = nov
}

@article{Bergstrom:hu,
author = {Karahalios, K and Bergstrom, T},
title = {{Social Mirrors as Social Signals: Transforming Audio into Graphics}},
journal = {IEEE Computer Graphics and Applications},
volume = {29},
number = {5},
pages = {22--32}
}

@misc{HoleinSpace:1980vn,
title = {{Hole in Space}},
author = {Gallow, Kit and Rabinowitz, Sherrie},
month = nov,
year = {1980}
}

@electronic{CiscoTelepresence:w-U4Y0oj,
title = {{Cisco Telepresence}}
}

@article{Yee:2007cl,
author = {Yee, Nick and Bailenson, Jeremy N and Urbanek, Mark and Chang, Francis and Merget, Dan},
title = {{The Unbearable Likeness of Being Digital: The Persistence of Nonverbal Social Norms in Online Virtual Environments}},
journal = {CyberPsychology {\&} Behavior},
year = {2007},
volume = {10},
number = {1},
pages = {115--121},
month = feb
}

@electronic{Untitled:QYxMTf7t
}

@article{Siegel:1986ve,
author = {Siegel, J and Dubrovsky, V and Kiesler, S},
title = {{Group processes in computer-mediated communication* 1}},
journal = {{\ldots} human decision processes},
year = {1986}
}

@article{Dourish:1996kg,
author = {Dourish, Paul and Adler, Annette and Bellotti, Victoria and Henderson, Austin},
title = {{Your place or mine? Learning from long-term use of Audio-Video communication}},
journal = {Proceedings of CSCW},
year = {1996},
volume = {5},
number = {1}
}

@inproceedings{Harry:2009jh,
author = {Harry, Drew and Green, Joshua and Donath, Judith},
title = {{backchan.nl: Integrating Backchannels in Physical Space}},
booktitle = {Proceedings of CHI},
year = {2009},
pages = {1361--1370},
publisher = {ACM Press},
address = {New York, New York, USA}
}

@inproceedings{Mantei:1991ww,
author = {Mantei, MM and Baecker, RM and Sellen, AJ},
title = {{Experiences in the use of a media space}},
booktitle = {Proceedings of the {\ldots}},
year = {1991}
}

@article{Berg:1997bs,
author = {Berg, M},
title = {{Of Forms, Containers, and the Electronic Medical Record: Some Tools for a Sociology of the Formal}},
journal = {Science, Technology {\&} Human Values},
year = {1997},
volume = {22},
number = {4},
pages = {403--433},
month = oct
}

@inproceedings{Dourish:1992fu,
author = {Dourish, Paul and Bly, Sara},
title = {{Portholes: supporting awareness in a distributed work group}},
booktitle = {Proceedings of CHI},
year = {1992},
publisher = { ACM  Request Permissions}
}

@article{Olson:1991vz,
author = {Olson, MH},
title = {{The Portland experience: A report on a distributed research group}},
journal = {International Journal of Man-Machine Studies},
year = {1991}
}

@inproceedings{Kim:2008ip,
author = {Kim, Taemie and Chang, Agnes and Holland, Lindsey and Pentland, Alex Sandy},
title = {{Meeting Mediator: Enhancing Group Collaboration using Sociometric Feedback}},
booktitle = {Proceedings of CSCW},
year = {2008},
pages = {457},
publisher = {ACM Press},
address = {New York, New York, USA}
}

@inproceedings{Fish:1990fn,
author = {Fish, Robert S and Kraut, Robert E and Chalfonte, Barbara L},
title = {{The VideoWindow system in informal communication}},
booktitle = {Proceedings of CSCW},
year = {1990},
publisher = { ACM  Request Permissions},
month = sep
}

@article{Erickson:2000kb,
author = {Erickson, Thomas and Kellogg, Wendy A},
title = {{Social translucence: an approach to designing systems that support social processes}},
journal = {ACM Transactions on Computer-Human Interaction},
year = {2000},
volume = {7},
number = {1},
pages = {59--83},
month = mar
}

@article{Shami:2010vi,
author = {Shami, NS and Cheng, LT and Rohall, S},
title = {{Avatars meet meetings: Design issues in integrating avatars in distributed corporate meetings}},
journal = {{\ldots} conference on {\ldots}},
year = {2010}
}

@article{Yee:2009vt,
author = {Yee, N},
title = {{The difference between being and seeing: the relative contribution of self-perception and priming to behavioral changes via digital self-representation}},
journal = {Media Psychology},
year = {2009}
}

@article{Egido:1988vq,
author = {Edigo, Carmen},
title = {{Video conferencing as a technology to support group work: a review of its failures}},
journal = {Proceedings of CSCW},
year = {1988},
note = {Great history of the false promises of video conf.

Some good content on the fallacies of remote meeting, including links to papers that show that adding video conferencing to a company doesn't mean less travel, it means more meetings. (p.18, top of right column)`}
}

@book{Abel:1990vk,
author = {Abel, Mark J.},
title = {{Experiences in an exploratory distributed organization.}},
publisher = {Lawrence Erlbaum Associates, Inc},
year = {1990}
}

@inproceedings{Kittur:2007up,
author = {Kittur, A and Suh, B and Pendleton, BA},
title = {{He says, she says: Conflict and coordination in Wikipedia}},
booktitle = {Proceedings of the SIGCHI {\ldots}},
year = {2007}
}

@article{Harry:2008ww,
author = {Harry, Drew},
title = {{Information spaces -- building meeting rooms in virtual environments}},
journal = {Proceedings of CHI},
year = {2008}
}

@inproceedings{Harry:2007cm,
author = {Harry, Drew and Offenhuber, Dietmar and Donath, Judith},
title = {{The Projects - towards a sociable architecture for virtual worlds}},
booktitle = {Proceedings of DUX},
year = {2007},
pages = {1},
publisher = {ACM Press},
address = {New York, New York, USA}
}

@mastersthesis{Harry:2008vx,
author = {Harry, Drew},
title = {{Algorithmic architecture in virtual spaces}},
school = {Masssachusetts Institute of Technology},
year = {2008}
}

@article{Burkhalter:2002vg,
author = {Burkhalter, S and Gastil, J},
title = {{A Conceptual Definition and Theoretical Model of Public Deliberation in Small Face---to---Face Groups}},
journal = {Communication Theory},
year = {2002}
}

@article{Gutwin:2002tf,
author = {Gutwin, C and Greenberg, S},
title = {{A descriptive framework of workspace awareness for real-time groupware}},
journal = {Computer Supported Cooperative Work (CSCW {\ldots}},
year = {2002}
}

@inproceedings{Bergstrom:2009fe,
author = {Bergstrom, Tony and Karahalios, Karrie},
title = {{Conversation Clusters: Grouping Conversation Topics through Human-Computer Dialog}},
booktitle = {Proceedings of CHI},
year = {2009},
pages = {2349},
organization = {UIUC},
publisher = {ACM Press},
address = {Boston, MA}
}

@inproceedings{Viegas:1999kv,
author = {Viegas, Fernanda B and Donath, Judith S},
title = {{Chat Circles}},
booktitle = {Proceedings of CHI},
year = {1999},
pages = {9--16},
publisher = {ACM Press},
address = {New York, New York, USA}
}

@article{Wallace:2008vb,
author = {Wallace, Lewis},
title = {{SXSW: Zuckerberg Keynote Descends Into Chaos as Audience Takes Over}},
journal = {Wired},
year = {2008},
month = mar
}

@incollection{Brennan:1991wk,
author = {Clark, Herbert and Brennan, Susan},
title = {{Grounding in communication}},
booktitle = {Perspectives on Socially Shared Cognition},
year = {1991},
editor = {Resnick, Lauren and LEvine, John and Teasley, Stephanie},
publisher = {American Psychological Association}
}

@article{Dennis:1988ww,
author = {Dennis, Alan R and George, Joey F and Jessup, Len M and Jay F Nunamaker, Jr. and Vogel, Douglas R},
title = {{Information Technology to Support Electronic Meetings}},
journal = {Management Information Systems Quarterly},
year = {1988},
volume = {12},
number = {4}
}

@inproceedings{Huang:2003ef,
author = {Huang, Elaine M and Mynatt, Elizabeth D},
title = {{Semi-public displays for small, co-located groups}},
booktitle = {CHI '03: Proceedings of the SIGCHI conference on Human factors in computing systems},
year = {2003},
publisher = { ACM  Request Permissions},
month = apr
}

@inproceedings{Bernstein:2010wk,
author = {Bernstein, MS and Little, G and Miller, RC},
title = {{Soylent: a word processor with a crowd inside}},
booktitle = {Proceedings of UIST},
year = {2010}
}

@article{Hollan:1992tz,
author = {Hollan, J and Stornetta, S},
title = {{Beyond being there}},
journal = {Proceedings of CHI},
year = {1992}
}

@article{nunamaker_electronic_1991,
author = {Nunamaker, J F and Dennis, Alan R and Valacich, Joseph S and Vogel, Douglas and George, Joey F},
title = {{Electronic meeting systems}},
journal = {Commun. ACM},
year = {1991},
volume = {34},
number = {7},
pages = {40--61}
}

@inproceedings{mccarthy_digital_2004,
author = {McCarthy, Joseph F and boyd, danah and Churchill, Elizabeth F and Griswold, William G and Lawley, Elizabeth and Zaner, Melora},
title = {{Digital backchannels in shared physical spaces: attention, intention and contention}},
booktitle = {Computer Supported Cooperative Work},
year = {2004},
pages = {550--553},
publisher = {ACM},
address = {Chicago, Illinois, USA}
}

@inproceedings{Yankelovich:2005bx,
author = {Yankelovich, Nicole and McGinn, Jen and Wessler, Mike and Kaplan, Jonathan and Provino, Joe and Fox, Harold},
title = {{CHI '05 extended abstracts on Human factors in computing systems - CHI '05}},
booktitle = {Proceedings of CHI},
year = {2005},
pages = {1873},
publisher = {ACM Press},
address = {New York, New York, USA}
}

@inproceedings{Kellogg:2002ts,
author = {Kellogg, Wendy and Erickson, Thomas},
title = {{Social Translucence, Collective Awareness, and the Emergence of Place}},
booktitle = {Proceedings of CSCW2002},
year = {2002},
organization = {IBM Research},
address = {IBM Research}
}

@incollection{Erickson:2003td,
author = {Erickson, Thomas and Kellogg, Wendy},
title = {{Designing Information Spaces: The Social Navigation Approach, chapter Social Translucence: Using Minimalist Visualisations of Social Activity to Support {\ldots}}},
booktitle = {Designing Information Spaces: The Social Navigation Approach, },
year = {2003},
pages = {312},
publisher = {Springer}
}

@webpage{boyd:Yo36SNyj,
author = {boyd, danah},
title = {{Spectacle at Web2.0 Expo... From My Perspective}},
year = {2009},
month = nov
}

@book{goffman_presentation_1959,
author = {Goffman, Erving},
title = {{The Presentation of Self in Everyday Life}},
publisher = {Anchor},
year = {1959},
edition = {1}
}

@inproceedings{kellogg_leveraging_2006,
author = {Kellogg, Wendy A and Erickson, Thomas and Wolf, Tracee Vetting and Levy, Stephen and Christensen, Jim and Sussman, Jeremy and Bennett, William E},
title = {{leveraging digital backchannels to enhance user experience in electronically mediated communication}},
booktitle = {Proceedings of CSCW},
year = {2006},
pages = {451--454},
publisher = {ACM},
address = {Banff, Alberta, Canada}
}

@inproceedings{Fish:1992vz,
author = {Fish, RS and Kraut, RE and Root, RW},
title = {{Evaluating video as a technology for informal communication}},
booktitle = {Proceedings of the SIGCHI {\ldots}},
year = {1992}
}

@article{Clark:1989uc,
author = {Clark, Herbert},
title = {{Contributing to discourse}},
journal = {Cognitive science},
year = {1989}
}

@book{Sellen:2001uk,
author = {Sellen, Abigail and Harper, Richard},
title = {{The Myth of the Paperless Office}},
publisher = {MIT Press},
year = {2001},
address = {Cambridge, MA},
month = nov
}

@incollection{Harry:2008tg,
author = {Harry, Drew and Offenhuber, Dietmar and Donath, Judith},
title = {{Function Follows Form - The Social Roles of Virtual Architecture}},
booktitle = {Architecture's Second Life},
year = {2008},
editor = {Doesinger, Stephan},
publisher = {Prestel},
month = apr
}

@incollection{Agamanolis:2003wc,
author = {Agamanolis, Stefan},
title = {{Public and Situated Displays: Social and interactional aspects of shared display technologies}},
year = {2003},
editor = {O'Hara, Kenton and Perry, Mark and Churchill, Elizabeth and Russell, Daniel},
publisher = {Kluwer}
}

@book{Goffman:1981tm,
author = {Goffman, Erving},
title = {{Forms of talk}},
publisher = {Univ of Pennsylvania Pr},
year = {1981}
}

@inproceedings{Bergstrom:2007je,
author = {Bergstrom, Tony and Karahalios, Karrie},
title = {{Conversation Clock: Visualizing audio patterns in co-located groups}},
booktitle = {Proceedings of HICSS},
year = {2007},
pages = {78--78},
organization = {UIUC},
publisher = {IEEE},
address = {UIUC},
month = jan
}

@inproceedings{Ishii:1992bq,
author = {Ishii, Hiroshi and Kobayashi, Minoru},
title = {{ClearBoard: A Seamless Medium for Shared Drawing and Conversation with Eye Contact}},
booktitle = {Proceedings of CHI},
year = {1992},
pages = {525--532},
publisher = {ACM Press},
address = {New York, New York, USA}
}

